% references go here
@book{Hoare85,
  author    = {C. A. R. Hoare},
  title     = {Communicating Sequential Processes},
  publisher = {Prentice-Hall},
  year      = {1985},
  isbn      = {0-13-153271-5},
  timestamp = {Thu, 03 Jan 2002 11:51:40 +0100},
  biburl    = {https://dblp.org/rec/books/ph/Hoare85.bib},
  bibsource = {dblp computer science bibliography, https://dblp.org}
}

@misc{ wiki:csp,
    author = "{Wikipedia contributors}",
    title = "Communicating sequential processes --- {Wikipedia}{,} The Free Encyclopedia",
    year = "2020",
    url = "https://en.wikipedia.org/w/index.php?title=Communicating_sequential_processes&oldid=977852667",
    note = "[Online; accessed 28-September-2020]"
  }

@misc{ wiki:occam,
    author = "{Wikipedia contributors}",
    title = "Occam (programming language) --- {Wikipedia}{,} The Free Encyclopedia",
    year = "2020",
    url = "https://en.wikipedia.org/w/index.php?title=Occam_(programming_language)&oldid=974247176",
    note = "[Online; accessed 28-September-2020]"
  }

@misc{ wiki:go,
    author = "{Wikipedia contributors}",
    title = "Go (programming language) --- {Wikipedia}{,} The Free Encyclopedia",
    year = "2020",
    url = "https://en.wikipedia.org/w/index.php?title=Go_(programming_language)&oldid=981175389",
    note = "[Online; accessed 1-October-2020]"
  }
